<record><leader>00000cas a22000007a 4500</leader><controlfield tag="001">8814973</controlfield><controlfield tag="008">820928d18581880iauwr ne      0    0eng  </controlfield><controlfield tag="009">466</controlfield><datafield ind1=" " ind2=" " tag="010"><subfield code="a">sn 82015855 </subfield></datafield><datafield ind1=" " ind2=" " tag="040"><subfield code="a">DLC</subfield><subfield code="b">eng</subfield><subfield code="c">DLC</subfield><subfield code="d">NPX</subfield><subfield code="d">INP</subfield><subfield code="d">DLC</subfield><subfield code="d">INP</subfield><subfield code="d">CNW</subfield><subfield code="d">OCL</subfield><subfield code="d">OCLCO</subfield></datafield><datafield ind1="1" ind2=" " tag="029"><subfield code="a">AU@</subfield><subfield code="b">000025834761</subfield></datafield><datafield ind1=" " ind2=" " tag="042"><subfield code="a">msc</subfield></datafield><datafield ind1="0" ind2="0" tag="050"><subfield code="a">Newspaper 7798</subfield></datafield><datafield ind1="0" ind2="4" tag="245"><subfield code="a">The Marshall County times.</subfield></datafield><datafield ind1="0" ind2="3" tag="246"><subfield code="a">Marshall times</subfield></datafield><datafield ind1="1" ind2="0" tag="246"><subfield code="a">Daily times and news</subfield></datafield><datafield ind1="1" ind2="0" tag="246"><subfield code="a">Marshalltown union</subfield></datafield><datafield ind1=" " ind2=" " tag="260"><subfield code="a">Marshall [Marshalltown], Iowa :</subfield><subfield code="b">R.H. Barnhart,</subfield><subfield code="c">1858-</subfield></datafield><datafield ind1=" " ind2=" " tag="300"><subfield code="a">v. :</subfield><subfield code="b">ill. (chiefly advertisements) ;</subfield><subfield code="c">68 cm.</subfield></datafield><datafield ind1=" " ind2=" " tag="310"><subfield code="a">Weekly,</subfield><subfield code="b">Spring 1863-1880</subfield></datafield><datafield ind1=" " ind2=" " tag="321"><subfield code="a">Weekly,</subfield><subfield code="b">Oct. 13, 1858-spring 1862</subfield></datafield><datafield ind1=" " ind2=" " tag="321"><subfield code="a">Daily,</subfield><subfield code="b">Spring 1862-spring 1863</subfield></datafield><datafield ind1="0" ind2=" " tag="362"><subfield code="a">Vol. 1, no. 1 (Oct. 13, 1858)-</subfield></datafield><datafield ind1="1" ind2=" " tag="362"><subfield code="a">Ceased in 1880.</subfield></datafield><datafield ind1=" " ind2=" " tag="500"><subfield code="a">Published as: Daily times and news, spring 1862-spring 1863; Marshalltown union, Sept. 28-&lt;Nov. 1864&gt;. Cf. Norris, Paul G. Our first 100 years; Marshalltown times-Republican, 1858-1958.</subfield></datafield><datafield ind1=" " ind2=" " tag="500"><subfield code="a">Published in Marshall, Iowa, 1858-&lt;May 5, 1862&gt;; Marshalltown, Iowa, &lt;Apr. 29, 1863&gt;.</subfield></datafield><datafield ind1=" " ind2=" " tag="500"><subfield code="a">Marshall, Iowa, now called Marshalltown, Iowa.</subfield></datafield><datafield ind1=" " ind2=" " tag="500"><subfield code="a">Publisher varies.</subfield></datafield><datafield ind1=" " ind2=" " tag="500"><subfield code="a">"The sovereignty of the people--we are governed too much."</subfield></datafield><datafield ind1=" " ind2=" " tag="500"><subfield code="a">"Republican."</subfield></datafield><datafield ind1=" " ind2=" " tag="500"><subfield code="a">Originally edited by: R.H. Taylor and H.C. Henderson.</subfield></datafield><datafield ind1=" " ind2=" " tag="515"><subfield code="a">No issue published Sept. 21, 1864.</subfield></datafield><datafield ind1=" " ind2=" " tag="525"><subfield code="a">Includes frequent supplements.</subfield></datafield><datafield ind1=" " ind2="0" tag="651"><subfield code="a">Marshall (Iowa)</subfield><subfield code="v">Newspapers.</subfield></datafield><datafield ind1=" " ind2="0" tag="651"><subfield code="a">Marshalltown (Iowa)</subfield><subfield code="v">Newspapers.</subfield></datafield><datafield ind1=" " ind2="0" tag="651"><subfield code="a">Marshall County (Iowa)</subfield><subfield code="v">Newspapers.</subfield></datafield><datafield ind1=" " ind2=" " tag="752"><subfield code="a">United States</subfield><subfield code="b">Iowa</subfield><subfield code="c">Marshall</subfield><subfield code="d">Marshalltown.</subfield></datafield><datafield ind1=" " ind2=" " tag="752"><subfield code="a">United States</subfield><subfield code="b">Iowa</subfield><subfield code="c">Marshall</subfield><subfield code="d">Marshall.</subfield></datafield><datafield ind1="0" ind2="0" tag="780"><subfield code="t">Iowa central journal</subfield><subfield code="w">(DLC)sn 85050917</subfield></datafield><datafield ind1="0" ind2="5" tag="780"><subfield code="t">Iowa Valley weekly news</subfield></datafield><datafield ind1="0" ind2="7" tag="785"><subfield code="t">Marshall weekly Republican</subfield><subfield code="w">(DLC)sn 86060365</subfield></datafield><datafield ind1="0" ind2="7" tag="785"><subfield code="t">Weekly times-Republican</subfield><subfield code="w">(DLC)sn 85050919</subfield></datafield></record>